@book{ISLR,
    author      = {Gareth James and Daniels Witten and Trevor Hastie and Robert Tibshirani},
    title       = {An Introduction to Statistical Learning with Applications in R},
    volume      = {},
    series      = {},
    publisher   = {Springer},
    address     = {},
    edition     = {},
    month       = {},
    year        = {2013},
    isbn        = {978-1-4614-7137-0}
},

@article{convergencefailure,
	author      = {Paul D. Allison},
	title       = {Convergence Failures in Logistic Regression },
	publisher   = {SAS Global Forum},
	year        = {2008},
	isbn        = {978-1-4614-7137-0}
},

